@article {KISS,
    AUTHOR = {Kiss, Istvan Z. and Morris, Charles G. and S\'{e}lley, Fanni and
              Simon, P\'{e}ter L. and Wilkinson, Robert R.},
     TITLE = {Exact deterministic representation of {M}arkovian {$SIR$}
              epidemics on networks with and without loops},
   JOURNAL = {J. Math. Biol.},
  FJOURNAL = {Journal of Mathematical Biology},
    VOLUME = {70},
      YEAR = {2015},
    NUMBER = {3},
     PAGES = {437--464},
      ISSN = {0303-6812},
   MRCLASS = {92D30 (05C82 37N25 60J28)},
  MRNUMBER = {3297827},
       DOI = {10.1007/s00285-014-0772-0},
       URL = {https://doi.org/10.1007/s00285-014-0772-0},
}